@article{owidco2andothergreenhousegasemissions, author = {Hannah Ritchie
and Max Roser}, title = {COâ‚‚ and Greenhouse Gas Emissions}, journal =
{Our World in Data}, year = {2020}, note =
{<https://ourworldindata.org/co2-and-other-greenhouse-gas-emissions>} }

@article{nyoni2019modeling,
  title={Modeling and forecasting carbon dioxide emissions in China using Autoregressive Integrated Moving Average (ARIMA) models},
  author={Nyoni, Thabani and Mutongi, Chipo},
  year={2019}
}

@article{schwert1989business,
  title={Business cycles, financial crises, and stock volatility},
  author={Schwert, G William},
  booktitle={Carnegie-Rochester Conference series on public policy},
  volume={31},
  pages={83--125},
  year={1989},
  organization={Elsevier}
}

@article{fatima2019forecasting,
  title={Forecasting carbon dioxide emission of Asian countries using ARIMA and simple exponential smoothing models},
  author={Fatima, Samreen and Ali, Sayed Saad and Zia, Syeda Sadia and Hussain, Ehtesham and Fraz, Tayyab Raza and Khan, Mehwish Shafi},
  journal={International Journal of Economic and Environmental Geology},
  volume={10},
  number={1},
  pages={64--69},
  year={2019}
}

@article{rahman2017modeling,
  title={Modeling and forecasting of carbon dioxide emissions in Bangladesh using Autoregressive Integrated Moving Average (ARIMA) models},
  author={Rahman, Abdur and Hasan, Md Mahmudul},
  journal={Open Journal of Statistics},
  volume={7},
  number={4},
  pages={560--566},
  year={2017},
  publisher={Scientific Research Publishing}
}
@article{kwiatkowski1992testing,
  title={Testing the null hypothesis of stationarity against the alternative of a unit root: How sure are we that economic time series have a unit root?},
  author={Kwiatkowski, Denis and Phillips, Peter CB and Schmidt, Peter and Shin, Yongcheol},
  journal={Journal of econometrics},
  volume={54},
  number={1-3},
  pages={159--178},
  year={1992},
  publisher={Elsevier}
}
@article{stocker2014climate,
  title={Climate Change 2013: The physical science basis. contribution of working group I to the fifth assessment report of IPCC the intergovernmental panel on climate change},
  author={Stocker, Thomas F and Qin, Dahe and Plattner, G-K and Tignor, Melinda MB and Allen, Simon K and Boschung, Judith and Nauels, Alexander and Xia, Yu and Bex, Vincent and Midgley, Pauline M},
  year={2014},
  publisher={Cambridge University Press}
}